@misc{progplatform,
	title			="Randvoorwaarden programmeerplatform {``Computational
Thinking''} onderbouw {VO}",
	author		="Aalders, Benny and Velthuizen, Vincent",
	}
	
@misc{opdrachten,
	author		="Aalders, Benny and Velthuizen, Vincent",
	title			="Opdrachtenboek met {``Computational-Thinking-opdrachten''} aansluitend bij de methode {Getal \& Ruimte}",
	}

@misc{instructies,
	author		="Aalders, Benny and Velthuizen, Vincent",
	title			="Instructies voor docenten",
	}

@misc{voorwoord,
	title			="Voorwoord",
	author		="Aalders, Benny and Velthuizen, Vincent",
	}